%YAML 1.1
%TAG !u! tag:unity3d.com,2011:
--- !u!1 &8294263251100028028
GameObject:
  m_ObjectHideFlags: 0
  m_CorrespondingSourceObject: {fileID: 0}
  m_PrefabInstance: {fileID: 0}
  m_PrefabAsset: {fileID: 0}
  serializedVersion: 6
  m_Component:
  - component: {fileID: 3618080698752701418}
  - component: {fileID: 3343382723863646585}
  - component: {fileID: 519258001942780949}
  m_Layer: 0
  m_Name: Fire_Preview
  m_TagString: Untagged
  m_Icon: {fileID: 0}
  m_NavMeshLayer: 0
  m_StaticEditorFlags: 0
  m_IsActive: 1
--- !u!4 &3618080698752701418
Transform:
  m_ObjectHideFlags: 0
  m_CorrespondingSourceObject: {fileID: 0}
  m_PrefabInstance: {fileID: 0}
  m_PrefabAsset: {fileID: 0}
  m_GameObject: {fileID: 8294263251100028028}
  m_LocalRotation: {x: -0, y: -0, z: -0, w: 1}
  m_LocalPosition: {x: 0, y: 0, z: 0}
  m_LocalScale: {x: 1, y: 1, z: 1}
  m_Children:
  - {fileID: 8169004254450083024}
  - {fileID: 7427195599320138412}
  - {fileID: 4193858541409880823}
  - {fileID: 3507791897365803172}
  m_Father: {fileID: 0}
  m_RootOrder: 0
  m_LocalEulerAnglesHint: {x: 0, y: 0, z: 0}
--- !u!114 &3343382723863646585
MonoBehaviour:
  m_ObjectHideFlags: 0
  m_CorrespondingSourceObject: {fileID: 0}
  m_PrefabInstance: {fileID: 0}
  m_PrefabAsset: {fileID: 0}
  m_GameObject: {fileID: 8294263251100028028}
  m_Enabled: 1
  m_EditorHideFlags: 0
  m_Script: {fileID: 11500000, guid: 28d4cdacf75d89e4eafe266e4526259c, type: 3}
  m_Name: 
  m_EditorClassIdentifier: 
  layerGround: 11
  green: {fileID: 2100000, guid: 5ca9b9fd056f60543b15f2f9e3c702e1, type: 2}
  red: {fileID: 2100000, guid: 7ed10b7ee6e7a8040a1abe3b64dbc28c, type: 2}
--- !u!65 &519258001942780949
BoxCollider:
  m_ObjectHideFlags: 0
  m_CorrespondingSourceObject: {fileID: 0}
  m_PrefabInstance: {fileID: 0}
  m_PrefabAsset: {fileID: 0}
  m_GameObject: {fileID: 8294263251100028028}
  m_Material: {fileID: 0}
  m_IsTrigger: 1
  m_Enabled: 1
  serializedVersion: 2
  m_Size: {x: 1, y: 0.2, z: 1}
  m_Center: {x: 0.3, y: 0.15, z: 0}
--- !u!1001 &2479240139424655798
PrefabInstance:
  m_ObjectHideFlags: 0
  serializedVersion: 2
  m_Modification:
    m_TransformParent: {fileID: 3618080698752701418}
    m_Modifications:
    - target: {fileID: -4216859302048453862, guid: 18653569aca3e66449128570636f254b,
        type: 3}
      propertyPath: m_LocalPosition.x
      value: 0
      objectReference: {fileID: 0}
    - target: {fileID: -4216859302048453862, guid: 18653569aca3e66449128570636f254b,
        type: 3}
      propertyPath: m_LocalPosition.y
      value: 0
      objectReference: {fileID: 0}
    - target: {fileID: -4216859302048453862, guid: 18653569aca3e66449128570636f254b,
        type: 3}
      propertyPath: m_LocalPosition.z
      value: 0
      objectReference: {fileID: 0}
    - target: {fileID: -4216859302048453862, guid: 18653569aca3e66449128570636f254b,
        type: 3}
      propertyPath: m_LocalRotation.x
      value: 0.000000021855694
      objectReference: {fileID: 0}
    - target: {fileID: -4216859302048453862, guid: 18653569aca3e66449128570636f254b,
        type: 3}
      propertyPath: m_LocalRotation.y
      value: -0
      objectReference: {fileID: 0}
    - target: {fileID: -4216859302048453862, guid: 18653569aca3e66449128570636f254b,
        type: 3}
      propertyPath: m_LocalRotation.z
      value: -0
      objectReference: {fileID: 0}
    - target: {fileID: -4216859302048453862, guid: 18653569aca3e66449128570636f254b,
        type: 3}
      propertyPath: m_LocalRotation.w
      value: 1
      objectReference: {fileID: 0}
    - target: {fileID: -4216859302048453862, guid: 18653569aca3e66449128570636f254b,
        type: 3}
      propertyPath: m_RootOrder
      value: 1
      objectReference: {fileID: 0}
    - target: {fileID: -4216859302048453862, guid: 18653569aca3e66449128570636f254b,
        type: 3}
      propertyPath: m_LocalEulerAnglesHint.x
      value: 0
      objectReference: {fileID: 0}
    - target: {fileID: -4216859302048453862, guid: 18653569aca3e66449128570636f254b,
        type: 3}
      propertyPath: m_LocalEulerAnglesHint.y
      value: 0
      objectReference: {fileID: 0}
    - target: {fileID: -4216859302048453862, guid: 18653569aca3e66449128570636f254b,
        type: 3}
      propertyPath: m_LocalEulerAnglesHint.z
      value: 0
      objectReference: {fileID: 0}
    - target: {fileID: -4216859302048453862, guid: 18653569aca3e66449128570636f254b,
        type: 3}
      propertyPath: m_LocalScale.x
      value: 50
      objectReference: {fileID: 0}
    - target: {fileID: -4216859302048453862, guid: 18653569aca3e66449128570636f254b,
        type: 3}
      propertyPath: m_LocalScale.y
      value: 50
      objectReference: {fileID: 0}
    - target: {fileID: -4216859302048453862, guid: 18653569aca3e66449128570636f254b,
        type: 3}
      propertyPath: m_LocalScale.z
      value: 50
      objectReference: {fileID: 0}
    - target: {fileID: -1504981713932161579, guid: 18653569aca3e66449128570636f254b,
        type: 3}
      propertyPath: m_Materials.Array.data[0]
      value: 
      objectReference: {fileID: 2100000, guid: 5ca9b9fd056f60543b15f2f9e3c702e1, type: 2}
    - target: {fileID: -927199367670048503, guid: 18653569aca3e66449128570636f254b,
        type: 3}
      propertyPath: m_Name
      value: Wall (1)
      objectReference: {fileID: 0}
    - target: {fileID: -927199367670048503, guid: 18653569aca3e66449128570636f254b,
        type: 3}
      propertyPath: m_Layer
      value: 0
      objectReference: {fileID: 0}
    m_RemovedComponents: []
  m_SourcePrefab: {fileID: 100100000, guid: 18653569aca3e66449128570636f254b, type: 3}
--- !u!4 &7427195599320138412 stripped
Transform:
  m_CorrespondingSourceObject: {fileID: -4216859302048453862, guid: 18653569aca3e66449128570636f254b,
    type: 3}
  m_PrefabInstance: {fileID: 2479240139424655798}
  m_PrefabAsset: {fileID: 0}
--- !u!1001 &3757293843905466314
PrefabInstance:
  m_ObjectHideFlags: 0
  serializedVersion: 2
  m_Modification:
    m_TransformParent: {fileID: 3618080698752701418}
    m_Modifications:
    - target: {fileID: -4216859302048453862, guid: 18653569aca3e66449128570636f254b,
        type: 3}
      propertyPath: m_LocalPosition.x
      value: 0.55
      objectReference: {fileID: 0}
    - target: {fileID: -4216859302048453862, guid: 18653569aca3e66449128570636f254b,
        type: 3}
      propertyPath: m_LocalPosition.y
      value: 0
      objectReference: {fileID: 0}
    - target: {fileID: -4216859302048453862, guid: 18653569aca3e66449128570636f254b,
        type: 3}
      propertyPath: m_LocalPosition.z
      value: 0
      objectReference: {fileID: 0}
    - target: {fileID: -4216859302048453862, guid: 18653569aca3e66449128570636f254b,
        type: 3}
      propertyPath: m_LocalRotation.x
      value: 0.000000021855694
      objectReference: {fileID: 0}
    - target: {fileID: -4216859302048453862, guid: 18653569aca3e66449128570636f254b,
        type: 3}
      propertyPath: m_LocalRotation.y
      value: -0
      objectReference: {fileID: 0}
    - target: {fileID: -4216859302048453862, guid: 18653569aca3e66449128570636f254b,
        type: 3}
      propertyPath: m_LocalRotation.z
      value: -0
      objectReference: {fileID: 0}
    - target: {fileID: -4216859302048453862, guid: 18653569aca3e66449128570636f254b,
        type: 3}
      propertyPath: m_LocalRotation.w
      value: 1
      objectReference: {fileID: 0}
    - target: {fileID: -4216859302048453862, guid: 18653569aca3e66449128570636f254b,
        type: 3}
      propertyPath: m_RootOrder
      value: 0
      objectReference: {fileID: 0}
    - target: {fileID: -4216859302048453862, guid: 18653569aca3e66449128570636f254b,
        type: 3}
      propertyPath: m_LocalEulerAnglesHint.x
      value: 0
      objectReference: {fileID: 0}
    - target: {fileID: -4216859302048453862, guid: 18653569aca3e66449128570636f254b,
        type: 3}
      propertyPath: m_LocalEulerAnglesHint.y
      value: 0
      objectReference: {fileID: 0}
    - target: {fileID: -4216859302048453862, guid: 18653569aca3e66449128570636f254b,
        type: 3}
      propertyPath: m_LocalEulerAnglesHint.z
      value: 0
      objectReference: {fileID: 0}
    - target: {fileID: -4216859302048453862, guid: 18653569aca3e66449128570636f254b,
        type: 3}
      propertyPath: m_LocalScale.x
      value: 50
      objectReference: {fileID: 0}
    - target: {fileID: -4216859302048453862, guid: 18653569aca3e66449128570636f254b,
        type: 3}
      propertyPath: m_LocalScale.y
      value: 50
      objectReference: {fileID: 0}
    - target: {fileID: -4216859302048453862, guid: 18653569aca3e66449128570636f254b,
        type: 3}
      propertyPath: m_LocalScale.z
      value: 50
      objectReference: {fileID: 0}
    - target: {fileID: -1504981713932161579, guid: 18653569aca3e66449128570636f254b,
        type: 3}
      propertyPath: m_Materials.Array.data[0]
      value: 
      objectReference: {fileID: 2100000, guid: 5ca9b9fd056f60543b15f2f9e3c702e1, type: 2}
    - target: {fileID: -927199367670048503, guid: 18653569aca3e66449128570636f254b,
        type: 3}
      propertyPath: m_Name
      value: Wall
      objectReference: {fileID: 0}
    - target: {fileID: -927199367670048503, guid: 18653569aca3e66449128570636f254b,
        type: 3}
      propertyPath: m_Layer
      value: 0
      objectReference: {fileID: 0}
    m_RemovedComponents: []
  m_SourcePrefab: {fileID: 100100000, guid: 18653569aca3e66449128570636f254b, type: 3}
--- !u!4 &8169004254450083024 stripped
Transform:
  m_CorrespondingSourceObject: {fileID: -4216859302048453862, guid: 18653569aca3e66449128570636f254b,
    type: 3}
  m_PrefabInstance: {fileID: 3757293843905466314}
  m_PrefabAsset: {fileID: 0}
--- !u!1001 &8490581534928198590
PrefabInstance:
  m_ObjectHideFlags: 0
  serializedVersion: 2
  m_Modification:
    m_TransformParent: {fileID: 3618080698752701418}
    m_Modifications:
    - target: {fileID: -4216859302048453862, guid: 18653569aca3e66449128570636f254b,
        type: 3}
      propertyPath: m_LocalPosition.x
      value: 0.31
      objectReference: {fileID: 0}
    - target: {fileID: -4216859302048453862, guid: 18653569aca3e66449128570636f254b,
        type: 3}
      propertyPath: m_LocalPosition.y
      value: 0.08
      objectReference: {fileID: 0}
    - target: {fileID: -4216859302048453862, guid: 18653569aca3e66449128570636f254b,
        type: 3}
      propertyPath: m_LocalPosition.z
      value: -0.24
      objectReference: {fileID: 0}
    - target: {fileID: -4216859302048453862, guid: 18653569aca3e66449128570636f254b,
        type: 3}
      propertyPath: m_LocalRotation.x
      value: -0
      objectReference: {fileID: 0}
    - target: {fileID: -4216859302048453862, guid: 18653569aca3e66449128570636f254b,
        type: 3}
      propertyPath: m_LocalRotation.y
      value: 0.7071068
      objectReference: {fileID: 0}
    - target: {fileID: -4216859302048453862, guid: 18653569aca3e66449128570636f254b,
        type: 3}
      propertyPath: m_LocalRotation.z
      value: -0
      objectReference: {fileID: 0}
    - target: {fileID: -4216859302048453862, guid: 18653569aca3e66449128570636f254b,
        type: 3}
      propertyPath: m_LocalRotation.w
      value: 0.7071068
      objectReference: {fileID: 0}
    - target: {fileID: -4216859302048453862, guid: 18653569aca3e66449128570636f254b,
        type: 3}
      propertyPath: m_RootOrder
      value: 3
      objectReference: {fileID: 0}
    - target: {fileID: -4216859302048453862, guid: 18653569aca3e66449128570636f254b,
        type: 3}
      propertyPath: m_LocalEulerAnglesHint.x
      value: 0
      objectReference: {fileID: 0}
    - target: {fileID: -4216859302048453862, guid: 18653569aca3e66449128570636f254b,
        type: 3}
      propertyPath: m_LocalEulerAnglesHint.y
      value: 90
      objectReference: {fileID: 0}
    - target: {fileID: -4216859302048453862, guid: 18653569aca3e66449128570636f254b,
        type: 3}
      propertyPath: m_LocalEulerAnglesHint.z
      value: 0
      objectReference: {fileID: 0}
    - target: {fileID: -4216859302048453862, guid: 18653569aca3e66449128570636f254b,
        type: 3}
      propertyPath: m_LocalScale.x
      value: 50
      objectReference: {fileID: 0}
    - target: {fileID: -4216859302048453862, guid: 18653569aca3e66449128570636f254b,
        type: 3}
      propertyPath: m_LocalScale.y
      value: 50
      objectReference: {fileID: 0}
    - target: {fileID: -4216859302048453862, guid: 18653569aca3e66449128570636f254b,
        type: 3}
      propertyPath: m_LocalScale.z
      value: 50
      objectReference: {fileID: 0}
    - target: {fileID: -1504981713932161579, guid: 18653569aca3e66449128570636f254b,
        type: 3}
      propertyPath: m_Materials.Array.data[0]
      value: 
      objectReference: {fileID: 2100000, guid: 5ca9b9fd056f60543b15f2f9e3c702e1, type: 2}
    - target: {fileID: -927199367670048503, guid: 18653569aca3e66449128570636f254b,
        type: 3}
      propertyPath: m_Name
      value: Wall (3)
      objectReference: {fileID: 0}
    - target: {fileID: -927199367670048503, guid: 18653569aca3e66449128570636f254b,
        type: 3}
      propertyPath: m_Layer
      value: 0
      objectReference: {fileID: 0}
    m_RemovedComponents: []
  m_SourcePrefab: {fileID: 100100000, guid: 18653569aca3e66449128570636f254b, type: 3}
--- !u!4 &3507791897365803172 stripped
Transform:
  m_CorrespondingSourceObject: {fileID: -4216859302048453862, guid: 18653569aca3e66449128570636f254b,
    type: 3}
  m_PrefabInstance: {fileID: 8490581534928198590}
  m_PrefabAsset: {fileID: 0}
--- !u!1001 &9171898198529204717
PrefabInstance:
  m_ObjectHideFlags: 0
  serializedVersion: 2
  m_Modification:
    m_TransformParent: {fileID: 3618080698752701418}
    m_Modifications:
    - target: {fileID: -4216859302048453862, guid: 18653569aca3e66449128570636f254b,
        type: 3}
      propertyPath: m_LocalPosition.x
      value: 0.31
      objectReference: {fileID: 0}
    - target: {fileID: -4216859302048453862, guid: 18653569aca3e66449128570636f254b,
        type: 3}
      propertyPath: m_LocalPosition.y
      value: 0.08
      objectReference: {fileID: 0}
    - target: {fileID: -4216859302048453862, guid: 18653569aca3e66449128570636f254b,
        type: 3}
      propertyPath: m_LocalPosition.z
      value: 0.24
      objectReference: {fileID: 0}
    - target: {fileID: -4216859302048453862, guid: 18653569aca3e66449128570636f254b,
        type: 3}
      propertyPath: m_LocalRotation.x
      value: -0
      objectReference: {fileID: 0}
    - target: {fileID: -4216859302048453862, guid: 18653569aca3e66449128570636f254b,
        type: 3}
      propertyPath: m_LocalRotation.y
      value: 0.7071068
      objectReference: {fileID: 0}
    - target: {fileID: -4216859302048453862, guid: 18653569aca3e66449128570636f254b,
        type: 3}
      propertyPath: m_LocalRotation.z
      value: -0
      objectReference: {fileID: 0}
    - target: {fileID: -4216859302048453862, guid: 18653569aca3e66449128570636f254b,
        type: 3}
      propertyPath: m_LocalRotation.w
      value: 0.7071068
      objectReference: {fileID: 0}
    - target: {fileID: -4216859302048453862, guid: 18653569aca3e66449128570636f254b,
        type: 3}
      propertyPath: m_RootOrder
      value: 2
      objectReference: {fileID: 0}
    - target: {fileID: -4216859302048453862, guid: 18653569aca3e66449128570636f254b,
        type: 3}
      propertyPath: m_LocalEulerAnglesHint.x
      value: 0
      objectReference: {fileID: 0}
    - target: {fileID: -4216859302048453862, guid: 18653569aca3e66449128570636f254b,
        type: 3}
      propertyPath: m_LocalEulerAnglesHint.y
      value: 90
      objectReference: {fileID: 0}
    - target: {fileID: -4216859302048453862, guid: 18653569aca3e66449128570636f254b,
        type: 3}
      propertyPath: m_LocalEulerAnglesHint.z
      value: 0
      objectReference: {fileID: 0}
    - target: {fileID: -4216859302048453862, guid: 18653569aca3e66449128570636f254b,
        type: 3}
      propertyPath: m_LocalScale.x
      value: 50
      objectReference: {fileID: 0}
    - target: {fileID: -4216859302048453862, guid: 18653569aca3e66449128570636f254b,
        type: 3}
      propertyPath: m_LocalScale.y
      value: 50
      objectReference: {fileID: 0}
    - target: {fileID: -4216859302048453862, guid: 18653569aca3e66449128570636f254b,
        type: 3}
      propertyPath: m_LocalScale.z
      value: 50
      objectReference: {fileID: 0}
    - target: {fileID: -1504981713932161579, guid: 18653569aca3e66449128570636f254b,
        type: 3}
      propertyPath: m_Materials.Array.data[0]
      value: 
      objectReference: {fileID: 2100000, guid: 5ca9b9fd056f60543b15f2f9e3c702e1, type: 2}
    - target: {fileID: -927199367670048503, guid: 18653569aca3e66449128570636f254b,
        type: 3}
      propertyPath: m_Name
      value: Wall (2)
      objectReference: {fileID: 0}
    - target: {fileID: -927199367670048503, guid: 18653569aca3e66449128570636f254b,
        type: 3}
      propertyPath: m_Layer
      value: 0
      objectReference: {fileID: 0}
    m_RemovedComponents: []
  m_SourcePrefab: {fileID: 100100000, guid: 18653569aca3e66449128570636f254b, type: 3}
--- !u!4 &4193858541409880823 stripped
Transform:
  m_CorrespondingSourceObject: {fileID: -4216859302048453862, guid: 18653569aca3e66449128570636f254b,
    type: 3}
  m_PrefabInstance: {fileID: 9171898198529204717}
  m_PrefabAsset: {fileID: 0}
